@misc{r1,
title={About NWSC},
url={https://www.nwsc.co.ug/index.php/about-us},
note={(Date last accessed 7-June-2018)},
}
